<?xml version="1.0" encoding="UTF-8"?><record xmlns="http://www.loc.gov/MARC21/slim" xmlns:cinclude="http://apache.org/cocoon/include/1.0" xmlns:zs="http://www.loc.gov/zing/srw/">
  <leader>00581nz  a2200145n  4500</leader>
  <controlfield tag="001">no2009036026</controlfield>
  <controlfield tag="003">DLC</controlfield>
  <controlfield tag="005">20090311081923.0</controlfield>
  <controlfield tag="008">090309n| acannaabn          |n aaa     c</controlfield>
  <datafield tag="010" ind1=" " ind2=" ">
    <subfield code="a">no2009036026</subfield>
  </datafield>
  <datafield tag="035" ind1=" " ind2=" ">
    <subfield code="a">(OCoLC)oca08038000</subfield>
  </datafield>
  <datafield tag="040" ind1=" " ind2=" ">
    <subfield code="a">InU-AT</subfield>
    <subfield code="b">eng</subfield>
    <subfield code="c">InU-AT</subfield>
  </datafield>
  <datafield tag="100" ind1="1" ind2=" ">
    <subfield code="a">Argüeso, Ramón</subfield>
  </datafield>
  <datafield tag="670" ind1=" " ind2=" ">
    <subfield code="a">Argüeso, R. Cha cha cha en boogie [SR] 195-?:</subfield>
    <subfield code="b">label (Argüeso)</subfield>
  </datafield>
  <datafield tag="670" ind1=" " ind2=" ">
    <subfield code="a">FIU Libraries WWW site, Oct. 31, 2008:</subfield>
    <subfield code="b">Digital collections; Encyclopedic discography of Cuban music, 1925-1960 (under Raúl Azpiazu: Ramón Argüeso; band leader, performed with Raúl Azpiazu)</subfield>
  </datafield>
</record>